@book{backus,
  title={Can programming be liberated from the von Neumann style?: a functional style and its algebra of programs},
  author={Backus, John},
  year={2007},
  publisher={ACM}
}

@article{7Trees,
Author = {Andreas Blass},
Title = {Seven Trees in One},
Year = {1994},
journal = {arXiv:math/9405205},
}

@article{complexCat,
Author = {Marcelo Fiore and Tom Leinster},
Title = {Objects of Categories as Complex Numbers},
Year = {2002},
journal = {Advances in Mathematics 190 (2005), 264-277},
}

@book{volterra,
  Author = {Vito Volterra},
  Title = {Theory of Functionals and of Integral and Integro-Differential Equations (Dover Books on Mathematics)},
  Publisher = {Dover Publications},
  Year = {2005},
  ISBN = {0486442845},
}